<?xml version="1.0" encoding="UTF-8"?><collection xmlns="http://www.loc.gov/MARC21/slim"><record><leader>00679nam--2200193-i-4500</leader><controlfield tag="001">000011433</controlfield><controlfield tag="002">20161230</controlfield><controlfield tag="005">20161230201029</controlfield><controlfield tag="008">060222s1000------------r-----000-0-eng-d</controlfield><datafield ind1=" " ind2=" " tag="020"><subfield code="a">0127389016</subfield></datafield><datafield ind1=" " ind2=" " tag="040"><subfield code="a">IFIN-HH</subfield></datafield><datafield ind1=" " ind2=" " tag="080"><subfield code="a">539.17(083)</subfield></datafield><datafield ind1="1" ind2=" " tag="100"><subfield code="a">Way, Katharine</subfield></datafield><datafield ind1="1" ind2="0" tag="245"><subfield code="a">Atomic and nuclear data reprints</subfield><subfield code="b">Volume 1 internal conversion coefficients for multipolarities e1,...,e4, m1,...m4 k-,l-,m-shells, n-shell, outer shells high energy, k- and l-shells</subfield><subfield code="c">Katharine way (ed.)</subfield></datafield><datafield ind1=" " ind2=" " tag="260"><subfield code="a">New York</subfield><subfield code="b">Academic Press</subfield><subfield code="c">1973</subfield></datafield><datafield ind1=" " ind2=" " tag="300"><subfield code="a">X + 509 P</subfield></datafield><datafield ind1=" " ind2=" " tag="490"><subfield code="a">Atomic And Nuclear Data Reprints</subfield><subfield code="v">Volume 1</subfield></datafield><datafield ind1=" " ind2=" " tag="852"><subfield code="a">42432</subfield><subfield code="c">539.17</subfield></datafield><datafield ind1=" " ind2=" " tag="CAT"><subfield code="a">Sys</subfield><subfield code="c">20120613</subfield><subfield code="h">172756</subfield></datafield></record></collection>